@book{cormen2022introduction,
  title={Introduction to algorithms},
  author={Cormen, Thomas H and Leiserson, Charles E and Rivest, Ronald L and Stein, Clifford},
  year={2022},
  publisher={MIT press}
}



@misc{astar,
  title = {The A* Search Algorithm},
  author={Siyang Chen},
  howpublished = {\url{https://courses.cs.duke.edu/fall11/cps149s/notes/a_star.pdf}},
  note = {Accessed: 2025-03-31}
}

@misc{dsalab8,
  title        = "DSA Laboratory Guide 8: Greedy Algorithms",
  author       = "Marius Joldo»ô"
}
